<?xml version="1.0" encoding="UTF-8"?><collection xmlns="http://www.loc.gov/MARC21/slim"><record><leader>00570nam--2200181-i-4500</leader><controlfield tag="001">000038255</controlfield><controlfield tag="002">20161230</controlfield><controlfield tag="005">20161230201041</controlfield><controlfield tag="008">060222s1000------------r-----000-0-eng-d</controlfield><datafield ind1=" " ind2=" " tag="040"><subfield code="a">IFIN-HH</subfield></datafield><datafield ind1=" " ind2=" " tag="080"><subfield code="a">621.375.826:535.343.3/.4</subfield></datafield><datafield ind1="1" ind2=" " tag="100"><subfield code="a">Reinthes, John F</subfield></datafield><datafield ind1="1" ind2="0" tag="245"><subfield code="a">Nonlinear optical parametric processes in liquids and gases</subfield><subfield code="c">John f. reinthes</subfield></datafield><datafield ind1=" " ind2=" " tag="260"><subfield code="a">Orlando</subfield><subfield code="b">Academic Press, Inc</subfield><subfield code="c">1984</subfield></datafield><datafield ind1=" " ind2=" " tag="300"><subfield code="a">XI + 466P</subfield></datafield><datafield ind1=" " ind2=" " tag="490"><subfield code="a">Quantum Electronics-principles And Applications. A Seris Of Monographs</subfield></datafield><datafield ind1=" " ind2=" " tag="852"><subfield code="a">72124</subfield><subfield code="c">535</subfield></datafield><datafield ind1=" " ind2=" " tag="CAT"><subfield code="a">Sys</subfield><subfield code="c">20101125</subfield><subfield code="h">113043</subfield></datafield></record></collection>